@article{jentsch2024,
  title={Secure Imputation of Missing Clinical Data Using SMPC},
  author={Jentsch, Lars and MÃ¼ller, Johannes},
  journal={Journal of Biomedical Informatics},
  year={2024}
}

@article{ahammed2024,
  title={Comparative Survey of SMPC, HE, and DP in Healthcare},
  author={Ahammed, Faisal and Labu, Md.},
  journal={IEEE Transactions on Information Forensics and Security},
  year={2024}
}

@inproceedings{sunitha2024,
  title={PriCollab: Privacy-Preserving Collaboration Among Hospitals},
  author={Sunitha, K. and Prasad, M.},
  booktitle={International Conference on Data Science and Engineering},
  year={2024}
}

@inproceedings{tawfik2025,
  title={PriCollabAnalysis: SMPC and Blockchain for EHR Analytics},
  author={Tawfik, Ahmed and Shah, Syed},
  booktitle={IEEE International Conference on Big Data},
  year={2025}
}

@article{dong2020,
  title={SMPC for Secure Patient Risk Stratification},
  author={Dong, Wei and Lin, Xiaodong},
  journal={Computers in Biology and Medicine},
  year={2020}
}

@article{jin2019,
  title={A Review of Secure and Privacy-Preserving Medical Data Sharing},
  author={Jin, Hao and Luo, Yan and Li, Peilong and Mathew, Jomol},
  journal={IEEE Access},
  volume={7},
  pages={61656--61669},
  year={2019},
  publisher={IEEE}
}

@article{sahinbas2021,
  title={SMPC in IoT-Based Healthcare Systems},
  author={Sahinbas, Kemal and Catak, Ferhat Ozgur},
  journal={Sensors},
  year={2021}
}

@article{patel2024,
  title={SMPC for Cross-Institutional Data Sharing},
  author={Patel, Raj and Rao, Umesh},
  journal={Journal of Medical Systems},
  year={2024}
}

@article{keller2020,
  title={MP-SPDZ: Versatile Framework for Secure Computations},
  author={Keller, Marcel},
  journal={ACM Transactions on Privacy and Security},
  year={2020}
}

@inproceedings{lindell2009,
  title={Secure Protocols for Privacy-Preserving Data Mining},
  author={Lindell, Yehuda and Pinkas, Benny},
  booktitle={Annual International Cryptology Conference},
  year={2009}
}

@article{maltitz2024,
  title={MPC in Patient Data Analysis},
  author={von Maltitz, Maximilian and Schneider, Thomas},
  journal={Journal of Biomedical Informatics},
  year={2024}
}

@article{azaria2016medrec,
  title={MedRec: Using Blockchain for Medical Data Access and Permission Management},
  author={Azaria, Asaph and Ekblaw, Ariel and Vieira, Thiago and Lippman, Andrew},
  journal={International Conference on Open and Big Data},
  year={2016}
}

@inproceedings{xia2017bbds,
  title={BBDS: Blockchain-Based Data Sharing for Electronic Medical Records},
  author={Xia, Qinghua and Sifah, Emmanuel B. and Smahi, Asmaa and Amofa, Samuel and Zhang, Xiaolei},
  booktitle={Information},
  year={2017}
}

@article{xia2017medshare,
  title={MedShare: Trust-less Medical Data Sharing Among Cloud Service Providers via Blockchain},
  author={Xia, Qinghua and Sifah, Emmanuel B. and Asamoah, Kwame O. and Gao, Jianbin and Du, Xiaojiang and Guizani, Mohsen},
  journal={IEEE Access},
  year={2017}
}

@article{fan2018medblock,
  title={MedBlock: Efficient and Secure Medical Data Sharing via Blockchain},
  author={Fan, Kai and Wang, Shangyang and Ren, Yanhui and Li, Hui and Yang, Yintang},
  journal={Journal of Medical Systems},
  year={2018}
}

@article{zhang2018towards,
  title={Towards Secure and Privacy-Preserving Data Sharing in e-Health Systems via Consortium Blockchain},
  author={Zhang, Anmin and Lin, Xiaodong},
  journal={Journal of Medical Systems},
  year={2018}
}

@article{shamir1979,
  title={How to share a secret},
  author={Shamir, Adi},
  journal={Communications of the ACM},
  volume={22},
  number={11},
  pages={612--613},
  year={1979}
}

@inproceedings{paillier1999,
  title={Public-key cryptosystems based on composite degree residuosity classes},
  author={Paillier, Pascal},
  booktitle={EUROCRYPT},
  pages={223--238},
  year={1999},
  organization={Springer}
}

@inproceedings{dwork2006,
  title={Calibrating noise to sensitivity in private data analysis},
  author={Dwork, Cynthia and McSherry, Frank and Nissim, Kobbi and Smith, Adam},
  booktitle={Theory of Cryptography Conference (TCC)},
  pages={265--284},
  year={2006},
  organization={Springer}
}

@inproceedings{bonawitz2017,
  title={Practical secure aggregation for privacy-preserving machine learning},
  author={Bonawitz, Keith and Ivanov, Vladimir and Kreuter, Ben and Marcedone, Antonio and McMahan, H Brendan and Patel, Sarvar and Ramage, Daniel and Segal, Kunal and Seth, Karn},
  booktitle={ACM SIGSAC Conference on Computer and Communications Security (CCS)},
  pages={1175--1191},
  year={2017}
}

@inproceedings{mcmahan2017,
  title={Communication-Efficient Learning of Deep Networks from Decentralized Data},
  author={McMahan, H Brendan and Moore, Eider and Ramage, Daniel and Hampson, Seth and Arcas, Blaise Aguera y},
  booktitle={AISTATS},
  year={2017}
}

@inproceedings{gentry2009,
  title={Fully homomorphic encryption using ideal lattices},
  author={Gentry, Craig},
  booktitle={STOC},
  pages={169--178},
  year={2009}
}
